<record><leader>00000cas a22000007a 4500</leader><controlfield tag="001">24201026</controlfield><controlfield tag="008">910808d19591959nhuwr ne      0    0eng d</controlfield><datafield ind1=" " ind2=" " tag="010"><subfield code="a">sn 90062592 </subfield></datafield><datafield ind1=" " ind2=" " tag="040"><subfield code="a">NVH</subfield><subfield code="b">eng</subfield><subfield code="c">NVH</subfield><subfield code="d">OCLCQ</subfield></datafield><datafield ind1=" " ind2=" " tag="042"><subfield code="a">msc</subfield></datafield><datafield ind1="0" ind2=" " tag="130"><subfield code="a">Messenger (Hillsborough, N.H. : 1959)</subfield></datafield><datafield ind1="1" ind2="0" tag="245"><subfield code="a">Messenger.</subfield></datafield><datafield ind1=" " ind2=" " tag="260"><subfield code="a">Hillsboro, N.H. :</subfield><subfield code="b">John Van Hazinga</subfield></datafield><datafield ind1=" " ind2=" " tag="300"><subfield code="a">v.</subfield></datafield><datafield ind1=" " ind2=" " tag="310"><subfield code="a">Weekly</subfield></datafield><datafield ind1="0" ind2=" " tag="362"><subfield code="a">Vol. 82, no. 13 (Mar. 12, 1959)-v. 82, no. 33 (July 30, 1959).</subfield></datafield><datafield ind1=" " ind2=" " tag="752"><subfield code="a">United States</subfield><subfield code="b">New Hampshire</subfield><subfield code="c">Hillsborough</subfield><subfield code="d">Hillsborough.</subfield></datafield><datafield ind1="0" ind2="0" tag="780"><subfield code="t">Hillsborough messenger (Hillsborough, N.H. : 1958)</subfield><subfield code="w">(DLC)sn 90062590</subfield></datafield><datafield ind1="0" ind2="0" tag="785"><subfield code="t">Hillsborough messenger Henniker courier and Antrim reporter</subfield><subfield code="w">(DLC)sn 90062593</subfield></datafield></record>